% This file was created with JabRef 2.7b.
% Encoding: UTF-8

@BOOK{Anderson&May1992,
  title = {Infectious Diseases of Humans: Dynamics and Control},
  publisher = {Oxford University Press},
  year = {1992},
  author = {R. M. Anderson and R. M. May},
  owner = {tran},
  timestamp = {2014.04.23}
}

@BOOK{bailey1957mathematical,
  title = {The mathematical theory of epidemics},
  publisher = {London},
  year = {1957},
  author = {Bailey, Norman Thomas John},
  file = {:/home/tran/Documents/Giang_Document/These/thesegiang/Book/1957 Bailey The Mathematical theory of epidemics.pdf:PDF}
}

@BOOK{Hanski2004,
  title = {Ecology, Genetics and evolution of metapopulations},
  year = {2004},
  author = {Ilkka Hanski; Oscar E Gaggiotti},
  file = {:/home/tran/Documents/Giang_Document/thesegiang/thesegiang/Book/Ecology, Genetics and Evolution of Metapopulations.pdf:PDF},
  owner = {tran},
  timestamp = {2014.04.22}
}

@BOOK{KeelingRohani2008,
  title = {Modeling Infectious Diseases in humans and animals},
  publisher = {Princeton University Press},
  year = {2008},
  author = {M. J. Keeling and P. Rohani},
  file = {:/home/tran/Documents/Giang_Document/thesegiang/thesegiang/Book/Modeling Infectious Diseases in Humans and Animals.pdf:PDF},
  owner = {tran},
  timestamp = {2014.04.22}
}

@BOOK{Kleinbaum2005,
  title = {Survival analysis},
  year = {2005},
  author = {David G. Kleinbaum},
  file = {:/home/tran/Documents/Giang_Document/thesegiang/thesegiang/Book/Survival Analysis - A Self-Learning Text.pdf:PDF},
  owner = {tran},
  timestamp = {2014.04.22}
}

@BOOK{renshaw1993modelling,
  title = {Modelling biological populations in space and time},
  publisher = {Cambridge University Press},
  year = {1993},
  author = {E. Renshaw},
  volume = {11}
}

@BOOK{Rosner2010,
  title = {Fundamentals of Biostatistics},
  year = {2010},
  author = {B. Rosner},
  file = {:/home/tran/Documents/Giang_Document/thesegiang/thesegiang/Book/Biostatistic.pdf:PDF},
  owner = {tran},
  timestamp = {2014.04.22}
}

@comment{jabref-meta: selector_publisher:}

@comment{jabref-meta: selector_author:}

@comment{jabref-meta: selector_journal:}

@comment{jabref-meta: selector_keywords:}

