% This file was created with JabRef 2.10b2.
% Encoding: UTF-8


@Article{binder1999emerging,
  Title                    = {Emerging infectious diseases: public health issues for the 21st century},
  Author                   = {Binder, Sue and Levitt, Alexandra M and Sacks, Jeffrey J and Hughes, James M},
  Journal                  = {Science},
  Year                     = {1999},
  Number                   = {5418},
  Pages                    = {1311--1313},
  Volume                   = {284},

  Publisher                = {American Association for the Advancement of Science}
}

@Article{jones2008global,
  Title                    = {Global trends in emerging infectious diseases},
  Author                   = {Jones, Kate E and Patel, Nikkita G and Levy, Marc A and Storeygard, Adam and Balk, Deborah and Gittleman, John L and Daszak, Peter},
  Journal                  = {Nature},
  Year                     = {2008},
  Number                   = {7181},
  Pages                    = {990--993},
  Volume                   = {451},

  Publisher                = {Nature Publishing Group}
}

@Article{morens2004challenge,
  Title                    = {The challenge of emerging and re-emerging infectious diseases},
  Author                   = {Morens, David M and Folkers, Gregory K and Fauci, Anthony S},
  Journal                  = {Nature},
  Year                     = {2004},
  Number                   = {6996},
  Pages                    = {242--249},
  Volume                   = {430},

  Publisher                = {Nature Publishing Group}
}

@Article{patz1996global,
  Title                    = {Global climate change and emerging infectious diseases},
  Author                   = {Patz, Jonathan A and Epstein, Paul R and Burke, Thomas A and Balbus, John M},
  Journal                  = {Jama},
  Year                     = {1996},
  Number                   = {3},
  Pages                    = {217--223},
  Volume                   = {275},

  Publisher                = {American Medical Association}
}

@Article{tenover1996challenges,
  Title                    = {The challenges of emerging infectious diseases: development and spread of multiply-resistant bacterial pathogens},
  Author                   = {Tenover, Fred C and Hughes, James M},
  Journal                  = {Jama},
  Year                     = {1996},
  Number                   = {4},
  Pages                    = {300--304},
  Volume                   = {275},

  Publisher                = {American Medical Association}
}

